@article{shah2007machine,
  title={Machine learning techniques for stock prediction},
  author={Shah, Vatsal H},
  journal={Foundations of Machine Learning| Spring},
  volume={1},
  number={1},
  pages={6--12},
  year={2007}
}

@article{neuron,
title = {Stock Closing Price Prediction using Machine Learning Techniques},
journal = {Procedia Computer Science},
volume = {167},
pages = {599-606},
year = {2020},
note = {International Conference on Computational Intelligence and Data Science},
issn = {1877-0509},
doi = {https://doi.org/10.1016/j.procs.2020.03.326},
author = {Mehar Vijh and Deeksha Chandola and Vinay Anand Tikkiwal and Arun Kumar},
keywords = {Random Forest Regression, Artificial Neural Network, Stock market prediction},
}

@article{linear,
author = { Terence Tai-Leung   Chong  and  Wing-Kam   Ng },
title = {Technical analysis and the London stock exchange: testing the MACD and RSI rules using the FT30},
journal = {Applied Economics Letters},
volume = {15},
number = {14},
year  = {2008},
publisher = {Routledge}
}

@article{arima,
  title={Time series forecasting using a hybrid ARIMA and neural network model},
  author={Zhang, G Peter},
  journal={Neurocomputing},
  volume={50},
  pages={159--175},
  year={2003},
  publisher={Elsevier}
}

@article{ieee,
  title={Predicting stock market trends using machine learning and deep learning algorithms via continuous and binary data; a comparative analysis},
  author={Nabipour, Mojtaba and Nayyeri, Pooyan and Jabani, Hamed and Shahab, S and Mosavi, Amir},
  journal={IEEE Access},
  volume={8},
  pages={150199--150212},
  year={2020},
  publisher={IEEE}
}

@article{forbes,
    title={Making Machine Learning Work For Financial Market Prediction},
    author={Shivam Sinha and Forbes Finance Council},
    journal={Forbes Financial Council},
    year={2021}
}